@inproceedings{p1,
  title={Stochastic Modelling for Systems Biology},
  author={Darren J. Wilkinson},
  year={2006},
  url={https://api.semanticscholar.org/CorpusID:195595323}
}
